@online{eins,
   author		= "Posted By Android Guru on May 1, 2014",
   title		= "Android Restful Webservice Tutorial – Introduction to RESTful webservice – Part 1",
   howpublished = "\url {http://programmerguru.com/android-tutorial/android-restful-webservice-tutorial-part-1/}",
   note			= "zuletzt besucht: 11.03.2016"
}

@online{zwei,
   author		= "Lars Vogel",
   title		= "REST with Java (JAX-RS) using Jersey - Tutorial",
   howpublished = "\url {http://www.vogella.com/tutorials/REST/article.html}",
   note			= "zuletzt besucht: 11.03.2016"
}

@online{drei,
   author		= "Antonio Goncalves",
   title		= "O Java EE 7 Application Servers, Where Art Thou? Learn all about the state of Java EE app servers, a rundown of various Java EE servers, and benchmarking.",
   howpublished = "\url {https://dzone.com/articles/o-java-ee-7-application-servers-where-art-thou}",
   note			= "zuletzt besucht: 11.03.2016"
}

@online{vier,
   author		= "Heroku",
   title		= "Heroku makes it easy to deploy and scale Java apps in the cloud",
   howpublished = "\url {https://www.heroku.com/}",
   note			= "zuletzt besucht: 11.03.2016"
}

@online{repo,
   author		= "Michael Weinberger 5BHIT",
   title		= "DezSys09 @ Github.com",
   howpublished = "\url {https://github.com/mweinberger-tgm/DezSys09.git}",
   note			= "zuletzt besucht: 11.03.2016"
}

@online{booti,
   author		= "online",
   title		= "'Bootiful' Java EE Support in Spring Boot 1.2; 18.02.2016",
   howpublished = "\url {http://spring.io/blog/2014/11/23/bootiful-java-ee-support-in-spring-boot-1-2}",
   note			= "zuletzt besucht: 11.03.2016"
}

@online{spring,
   author		= "online",
   title		= "Spring",
   howpublished = "\url {http://spring.io/}",
   note			= "zuletzt besucht: 11.03.2016"
}

@online{jaxrs,
   author		= "online",
   title		= "JAX-RS",
   howpublished = "\url {http://docs.oracle.com/javaee/6/tutorial/doc/giepu.html}",
   note			= "zuletzt besucht: 11.03.2016"
}

@online{maven,
   author		= "online",
   title		= "Maven",
   howpublished = "\url {https://maven.apache.org/}",
   note			= "zuletzt besucht: 11.03.2016"
}

@online{hzwei,
   author		= "online",
   title		= "H2 Database Engine",
   howpublished = "\url {http://www.h2database.com/html/main.html}",
   note			= "zuletzt besucht: 11.03.2016"
}

@online{plugin,
   author		= "online",
   title		= "HttpRequester",
   howpublished = "\url {https://addons.mozilla.org/de/firefox/addon/httprequester/}",
   note			= "zuletzt besucht: 11.03.2016"
}

@online{repoeins,
   author		= "online",
   title		= "DezSys09 @ Github.com",
   howpublished = "\url {https://github.com/sgeyer-tgm/DezSys09.git}",
   note			= "zuletzt besucht: 11.03.2016"
}

@online{repozwei,
   author		= "online",
   title		= "DezSys09 @ Github.com",
   howpublished = "\url {https://github.com/pkalauner-tgm/dezsys09-java-webservices.git}",
   note			= "zuletzt besucht: 11.03.2016"
}